@article{Kat2009,
author = {Kovitvongsa, Kathryn and Lobel, Phillip},
year = {2009},
institute = {Boston University},
title = {Convenient Fish Acoustic Data Collection in the Digital Age},
url = {https://www.researchgate.net/publication/267827408_Convenient_Fish_Acoustic_Data_Collection_in_the_Digital_Age},
}
