@article{matplotlib,
  author = "Hunter, John D.",
  title = "{Matplotlib}: A {2D} Graphics Environment",
  publisher = "IEEE",
  year = "2007",
  journal = "Computing in Science \& Engineering",
  volume = "9",
  number = "3",
  pages = "90--95",
  url = "http://matplotlib.org/",
  version = "1.4.3",
  doi       = {10.1109/MCSE.2007.55},
  addendum = {Current version 3.4.3, \textsc{doi}: \href{https://zenodo.org/record/5194481}{\texttt{10.5281/zenodo.5194481}}}
}

% taken from https://numpy.org/citing-numpy/ but replaced the the key  'harris2020array' with 'numpy'
% to keep the neccessary changes to this file
@article{numpy,
 title         = {Array programming with {NumPy}},
 author        = {Charles R. Harris and K. Jarrod Millman and St{\'{e}}fan J.
                 van der Walt and Ralf Gommers and Pauli Virtanen and David
                 Cournapeau and Eric Wieser and Julian Taylor and Sebastian
                 Berg and Nathaniel J. Smith and Robert Kern and Matti Picus
                 and Stephan Hoyer and Marten H. van Kerkwijk and Matthew
                 Brett and Allan Haldane and Jaime Fern{\'{a}}ndez del
                 R{\'{i}}o and Mark Wiebe and Pearu Peterson and Pierre
                 G{\'{e}}rard-Marchant and Kevin Sheppard and Tyler Reddy and
                 Warren Weckesser and Hameer Abbasi and Christoph Gohlke and
                 Travis E. Oliphant},
 year          = {2020},
 month         = sep,
 journal       = {Nature},
 volume        = {585},
 number        = {7825},
 pages         = {357--362},
 doi           = {10.1038/s41586-020-2649-2},
 publisher     = {Springer Science and Business Media {LLC}},
 url           = {https://doi.org/10.1038/s41586-020-2649-2}
}

% taken from https://scipy.org/citing-scipy/ but replaced the the key  '2020SciPy-NMeth' with 'scipy'
% to keep the neccessary changes to this file
@article{scipy,
  author  = {Virtanen, Pauli and Gommers, Ralf and Oliphant, Travis E. and
            Haberland, Matt and Reddy, Tyler and Cournapeau, David and
            Burovski, Evgeni and Peterson, Pearu and Weckesser, Warren and
            Bright, Jonathan and {van der Walt}, St{\'e}fan J. and
            Brett, Matthew and Wilson, Joshua and Millman, K. Jarrod and
            Mayorov, Nikolay and Nelson, Andrew R. J. and Jones, Eric and
            Kern, Robert and Larson, Eric and Carey, C J and
            Polat, {\.I}lhan and Feng, Yu and Moore, Eric W. and
            {VanderPlas}, Jake and Laxalde, Denis and Perktold, Josef and
            Cimrman, Robert and Henriksen, Ian and Quintero, E. A. and
            Harris, Charles R. and Archibald, Anne M. and
            Ribeiro, Ant{\^o}nio H. and Pedregosa, Fabian and
            {van Mulbregt}, Paul and {SciPy 1.0 Contributors}},
  title   = {{{SciPy} 1.0: Fundamental Algorithms for Scientific
            Computing in Python}},
  journal = {Nature Methods},
  year    = {2020},
  volume  = {17},
  pages   = {261--272},
  adsurl  = {https://rdcu.be/b08Wh},
  doi     = {10.1038/s41592-019-0686-2},
}

@software{uncertainties,
  author = "Lebigot, Eric O.",
  title = "Uncertainties: a Python package for calculations with uncertainties",
  url = "http://pythonhosted.org/uncertainties/",
  version = "2.4.6.1"
}

@software{ROOT,
  author = {Rene Brun and Fons Rademakers}, 
  title = {ROOT - An Object Oriented Data Analysis Framework},
  booktitle = {Proceedings AIHENP'96 Workshop, Lausanne},
  year = {1997},
  journal = {Nucl. Inst. & Meth. in Phys. Res. A},
  volume = {389},
  pages = {81-86},
  url = {https://root.cern.ch/},
}

@inproceedings{XGBoost, 
 author = {Chen, T. and Guestrin, C.}, 
 title = {{XGBoost}: A Scalable Tree Boosting System}, 
 booktitle = {Proceedings of the 22nd ACM SIGKDD International Conference on Knowledge Discovery and Data Mining}, 
 series = {KDD '16}, 
 year = {2016}, 
 %isbn = {978-1-4503-4232-2}, 
 location = {San Francisco, California, USA}, 
 pages = {785--794}, 
 numpages = {10}, 
 %url = {http://doi.acm.org/10.1145/2939672.2939785}, 
 doi = {10.1145/2939672.2939785}, 
 acmid = {2939785}, 
 publisher = {ACM}, 
 address = {New York, NY, USA},
}

@article{iminuit,
  author={H. Dembinski and P. Ongmongkolkul et al.},
  title={scikit-hep/iminuit},
  DOI={10.5281/zenodo.3949207},
  publisher={Zenodo},
  year={2020},
  month={12},
  %url={https://doi.org/10.5281/zenodo.3949207}
}

@sofware{mrmr,
  author = {Sudan, Prasanna and Al Khalil, Nizar},
  title = {MRMR-Selection: Minimum Redundancy Maximum Relevance Feature Selection},
  year = {2023},
  publisher = {Python Package Index (PyPI)},
  url = {https://pypi.org/project/mrmr-selection/#description},
  version = {0.2.8}
}

@misc{wandb,
title = {Experiment Tracking with Weights and Biases},
year = {2020},
note = {Software available from wandb.com},
url={https://www.wandb.com/},
author = {Biewald, Lukas},
version      = {0.17.4},
}

@misc{tensorflow_extra,
  author       = {Awsaf Hossain},
  title        = {tensorflow\_extra: Extensions for TensorFlow},
  year         = {2022},
  howpublished = {\url{https://github.com/awsaf49/tensorflow_extra}},
  note         = {Accessed: 2024-07-26},
  version      = {1.0.2},
}

@article{scikit-maad,
    author = {Juan Sebastián Ulloa and Sylvain Haupert and Juan Felipe Latorre and Thierry Aubin and Jérôme Sueur},
    title = {{scikit-maad: An open-source and modular toolbox for quantitative soundscape analysis in Python}},
    journal = {Methods in Ecology and Evolution},
    year = {2021},
    doi = {https://doi.org/10.1111/2041-210X.13711%7D},
}

@article{scikit-learn,
  title={Scikit-learn: Machine Learning in {P}ython},
  author={Pedregosa, F. and Varoquaux, G. and Gramfort, A. and Michel, V.
          and Thirion, B. and Grisel, O. and Blondel, M. and Prettenhofer, P.
          and Weiss, R. and Dubourg, V. and Vanderplas, J. and Passos, A. and
          Cournapeau, D. and Brucher, M. and Perrot, M. and Duchesnay, E.},
  journal={Journal of Machine Learning Research},
  volume={12},
  pages={2825--2830},
  year={2011}
}

@misc{tensorflow,
title={{TensorFlow}: Large-Scale Machine Learning on Heterogeneous Systems},
url={http://tensorflow.org/},
note={Software available from tensorflow.org},
author={
    Mart\'{\i}n~Abadi and
    Ashish~Agarwal and
    Paul~Barham and
    Eugene~Brevdo and
    Zhifeng~Chen and
    Craig~Citro and
    Greg~S.~Corrado and
    Andy~Davis and
    Jeffrey~Dean and
    Matthieu~Devin and
    Sanjay~Ghemawat and
    Ian~Goodfellow and
    Andrew~Harp and
    Geoffrey~Irving and
    Michael~Isard and
    Yangqing Jia and
    Rafal~Jozefowicz and
    Lukasz~Kaiser and
    Manjunath~Kudlur and
    Josh~Levenberg and
    Dan~Man\'{e} and
    Rajat~Monga and
    Sherry~Moore and
    Derek~Murray and
    Chris~Olah and
    Mike~Schuster and
    Jonathon~Shlens and
    Benoit~Steiner and
    Ilya~Sutskever and
    Kunal~Talwar and
    Paul~Tucker and
    Vincent~Vanhoucke and
    Vijay~Vasudevan and
    Fernanda~Vi\'{e}gas and
    Oriol~Vinyals and
    Pete~Warden and
    Martin~Wattenberg and
    Martin~Wicke and
    Yuan~Yu and
    Xiaoqiang~Zheng},
  year={2015},
}

@misc{keras,
  title={Keras},
  author={Chollet, Fran\c{c}ois and others},
  year={2015},
  howpublished={\url{https://keras.io}},
}
