@article{Cohen1964,
  author    = {Leon Cohen},
  title     = {On the Short-Time Fourier Transform of Stationary Stochastic Processes},
  journal   = {IEEE Transactions on Information Theory},
  year      = {1964},
  volume    = {10},
  number    = {3},
  pages     = {119--124},
  doi       = {10.1109/TIT.1964.1053656}
}

@article{Stevens1937,
  author    = {S. S. Stevens and J. Volkmann and E. B. Newman},
  title     = {A scale for the measurement of the psychological magnitude pitch},
  journal   = {Journal of the Acoustical Society of America},
  year      = {1937},
  volume    = {8},
  number    = {3},
  pages     = {185--190},
  doi       = {10.1121/1.1915893}
}

@book{Chollet2017,
  author    = {Fran\c{c}ois Chollet},
  title     = {Deep Learning with Python},
  publisher = {Manning Publications},
  year      = {2017}
}

@misc{xeno-canto,
author = {Bob Planqué and Willem-Pier Vellinga},
title = {xeno-canto - Sharing wildlife sounds from around the world},
howpublished = {Available at \url{https://xeno-canto.org/} (2024/25/07)}
}

@misc{audio1,
author = {Paul Kelly},
title = {ID: XC901667},
howpublished = {Available at \url{https://xeno-canto.org/901667} (2024/26/07)},
date = {09-05-2024}
}

@misc{audio2,
author = {Albert Noorlander},
title = {ID: XC561205},
howpublished = {Available at \url{https://xeno-canto.org/561205} (2024/26/07)},
date = {04-04-2020}
}

@misc{audio3,
author = {Jorge Leitão},
title = {ID: XC862478},
howpublished = {Available at \url{https://xeno-canto.org/862478} (2024/26/07)},
date = {18-01-2024}
}

@inproceedings{tan2019efficientnet,
  title={EfficientNet: Rethinking Model Scaling for Convolutional Neural Networks},
  author={Mingxing Tan and Quoc V. Le},
  booktitle={Proceedings of the 36th International Conference on Machine Learning},
  year={2019},
  archivePrefix={arXiv},
  eprint={1905.11946}
}

@inproceedings{huang2017densely,
  title={Densely Connected Convolutional Networks},
  author={Gao Huang and Zhuang Liu and Laurens van der Maaten and Kilian Q. Weinberger},
  booktitle={Proceedings of the IEEE Conference on Computer Vision and Pattern Recognition},
  year={2017},
  pages={4700--4708},
  archivePrefix={arXiv},
  eprint={1608.06993}
}

@inproceedings{he2016deep,
  title={Deep Residual Learning for Image Recognition},
  author={Kaiming He and Xiangyu Zhang and Shaoqing Ren and Jian Sun},
  booktitle={Proceedings of the IEEE Conference on Computer Vision and Pattern Recognition},
  year={2016},
  pages={770--778},
  archivePrefix={arXiv},
  eprint={1512.03385}
}

@misc{hossain_tensorflow_extra,
  author       = {Awsaf Hossain},
  title        = {tensorflow\_extra: Extensions for TensorFlow},
  year         = {2022},
  howpublished = {\url{https://github.com/awsaf49/tensorflow_extra}},
  note         = {Accessed: 2024-07-26},
}
